<?xml version="1.0" encoding="UTF-8"?><collection xmlns="http://www.loc.gov/MARC21/slim"><record><leader>00426nam--2200145-i-4500</leader><controlfield tag="001">000027031</controlfield><controlfield tag="002">20161230</controlfield><controlfield tag="005">20170122112424</controlfield><controlfield tag="008">060222s1000------------r-----000-0-eng-d</controlfield><datafield ind1=" " ind2=" " tag="100"><subfield code="a">Knopp, Konrad</subfield></datafield><datafield ind1=" " ind2=" " tag="245"><subfield code="a">Theory of functions. Transl.by Frederick Bagemihl. Part. I: Elements of the general theorie ..</subfield></datafield><datafield ind1=" " ind2=" " tag="260"><subfield code="a">New York</subfield><subfield code="b">Dover Publ</subfield><subfield code="c">1945-1947</subfield></datafield><datafield ind1=" " ind2=" " tag="300"><subfield code="a">VII + 146 p</subfield></datafield><datafield ind1=" " ind2=" " tag="852"><subfield code="a">12921</subfield></datafield><datafield ind1=" " ind2=" " tag="CAT"><subfield code="a">SYS</subfield><subfield code="c">20170122</subfield><subfield code="h">112424</subfield></datafield></record></collection>